<record><leader>00000cas a22000007a 4500</leader><controlfield tag="001">14292542</controlfield><controlfield tag="008">861002d18841947txuwr ne      0    0eng d</controlfield><datafield ind1=" " ind2=" " tag="010"><subfield code="a">sn 86089417 </subfield></datafield><datafield ind1=" " ind2=" " tag="040"><subfield code="a">PPM</subfield><subfield code="b">eng</subfield><subfield code="c">PPM</subfield><subfield code="d">OCLCQ</subfield></datafield><datafield ind1=" " ind2=" " tag="042"><subfield code="a">msc</subfield></datafield><datafield ind1="0" ind2="4" tag="245"><subfield code="a">The Henrietta independent.</subfield></datafield><datafield ind1="1" ind2="3" tag="246"><subfield code="a">Independent</subfield></datafield><datafield ind1=" " ind2=" " tag="260"><subfield code="a">Henrietta, Tex. :</subfield><subfield code="b">J.B. Hopkins</subfield></datafield><datafield ind1=" " ind2=" " tag="300"><subfield code="a">v. :</subfield><subfield code="b">ill.</subfield></datafield><datafield ind1=" " ind2=" " tag="310"><subfield code="a">Weekly</subfield></datafield><datafield ind1="1" ind2=" " tag="362"><subfield code="a">Began in 1884?</subfield></datafield><datafield ind1="0" ind2=" " tag="362"><subfield code="a">-v. 62, no. 42 (June 26, 1947).</subfield></datafield><datafield ind1=" " ind2=" " tag="588"><subfield code="a">Description based on: Vol. 4, no. 48 (Aug. 3, 1888).</subfield></datafield><datafield ind1=" " ind2=" " tag="752"><subfield code="a">United States</subfield><subfield code="b">Texas</subfield><subfield code="c">Clay</subfield><subfield code="d">Henrietta.</subfield></datafield><datafield ind1="1" ind2=" " tag="029"><subfield code="a">AU@</subfield><subfield code="b">000025840251</subfield></datafield></record>